<record><leader>00000cas a22000007a 4500</leader><controlfield tag="001">15618632</controlfield><controlfield tag="008">870501d19061906wiuwr ne      0    0ger d</controlfield><datafield ind1=" " ind2=" " tag="010"><subfield code="a">sn 87082461 </subfield></datafield><datafield ind1=" " ind2=" " tag="040"><subfield code="a">NPV</subfield><subfield code="b">eng</subfield><subfield code="c">NPV</subfield><subfield code="d">OCLCQ</subfield></datafield><datafield ind1=" " ind2=" " tag="042"><subfield code="a">msc</subfield></datafield><datafield ind1="0" ind2="4" tag="245"><subfield code="a">Der Seebote und Sonntagsbote.</subfield></datafield><datafield ind1="1" ind2="3" tag="246"><subfield code="a">Seebote</subfield></datafield><datafield ind1=" " ind2=" " tag="260"><subfield code="a">Milwaukee, Wis. :</subfield><subfield code="b">P.V. Deuster Co.,</subfield><subfield code="c">1906-1906.</subfield></datafield><datafield ind1=" " ind2=" " tag="300"><subfield code="a">v.</subfield></datafield><datafield ind1=" " ind2=" " tag="310"><subfield code="a">Weekly</subfield></datafield><datafield ind1="0" ind2=" " tag="362"><subfield code="a">Vierundfu&#776;nfzigster Jahrg., no. 39 (21. Nov. 1906)-Vierundfu&#776;nfzigster Jahrg., no. 40 (28. Nov. 1906).</subfield></datafield><datafield ind1=" " ind2=" " tag="580"><subfield code="a">Issued also in a Sunday edition called: Sonntagsbote.</subfield></datafield><datafield ind1=" " ind2=" " tag="752"><subfield code="a">United States</subfield><subfield code="b">Wisconsin</subfield><subfield code="c">Milwaukee</subfield><subfield code="d">Milwaukee.</subfield></datafield><datafield ind1=" " ind2=" " tag="752"><subfield code="a">United States</subfield><subfield code="b">Wisconsin</subfield><subfield code="c">Washington</subfield><subfield code="d">Milwaukee.</subfield></datafield><datafield ind1="1" ind2=" " tag="775"><subfield code="t">Sonntagsbote</subfield><subfield code="w">(DLC)sn 87082455</subfield></datafield><datafield ind1="0" ind2="0" tag="780"><subfield code="t">Seebote (Milwaukee, Wis. : 1875 : Weekly)</subfield><subfield code="w">(DLC)sn 85033198</subfield></datafield><datafield ind1="0" ind2="0" tag="785"><subfield code="t">Seebote und der Sonntagsbote</subfield><subfield code="w">(DLC)sn 87082462</subfield></datafield></record>